@thesis{thesis,
  author = {Caspersen, Felix Bo},
  title = {Den Digitale Arbejdsopgavetavle: Schedule planning and optimization, Den Digitale Arbejdsopgavetavle: Optimering af skemalaegning},
  language = {eng},
  format = {thesis},
  year = {2025},
  publisher = {DTU Department of Applied Mathematics and Computer Science}
}

@misc{Den-Reg-digitalisation,
  author = {Danske Regioner},
  title  = {Digitalisering af et samlet og sammenhaengende sundhedsvaesen: Naeste skridt er en sundhedscloud},
  date   = {2024},
  month  = {2},
  url    = {https://www.regioner.dk/media/ykbduews/digitalisering-af-et-samlet-og-sammenhaeng-sundhedsv-uhi-feb24.pdf}
}

@article{lifestyle-info-questions,
  author = {Welch, Garry and Guthrie, Diana W.},
  title = {Supporting Lifestyle Change With a Computerized Psychosocial Assessment Tool},
  language = {eng},
  format = {article},
  journal = {Diabetes Spectrum},
  volume = {15},
  number = {3},
  pages = {203-207},
  year = {2002},
  issn = {19447353, 10409165},
  publisher = {American Diabetes Association},
  doi = {10.2337/diaspect.15.3.203}
}
